<record><leader>00000cas a2200000 a 4500</leader><controlfield tag="001">17606688</controlfield><controlfield tag="008">880310d19861989mduwr ne      0    0eng d</controlfield><datafield ind1=" " ind2=" " tag="010"><subfield code="a">sn 90057182 </subfield></datafield><datafield ind1=" " ind2=" " tag="040"><subfield code="a">MFS</subfield><subfield code="b">eng</subfield><subfield code="c">MFS</subfield><subfield code="d">OCL</subfield><subfield code="d">MFS</subfield><subfield code="d">MFN</subfield><subfield code="d">NSD</subfield><subfield code="d">OCL</subfield><subfield code="d">OCLCQ</subfield><subfield code="d">MFS</subfield><subfield code="d">OCLCQ</subfield><subfield code="d">OCLCF</subfield><subfield code="d">OCLCO</subfield></datafield><datafield ind1="1" ind2=" " tag="029"><subfield code="a">AU@</subfield><subfield code="b">000020596955</subfield></datafield><datafield ind1=" " ind2=" " tag="042"><subfield code="a">msc</subfield></datafield><datafield ind1=" " ind2=" " tag="043"><subfield code="a">n-us-md</subfield></datafield><datafield ind1=" " ind2=" " tag="090"><subfield code="a">AN4899.F75</subfield><subfield code="b">F76</subfield></datafield><datafield ind1="0" ind2="4" tag="245"><subfield code="a">The Frostburg journal.</subfield></datafield><datafield ind1=" " ind2=" " tag="260"><subfield code="a">Frostburg, Md. :</subfield><subfield code="b">Raymond F. Burner</subfield></datafield><datafield ind1=" " ind2=" " tag="300"><subfield code="a">v.</subfield></datafield><datafield ind1=" " ind2=" " tag="310"><subfield code="a">Weekly</subfield></datafield><datafield ind1="0" ind2=" " tag="362"><subfield code="a">Vol. 1, no. 1 (Nov. 4, 1986)-v. 3, no. 17 (Mar. 1, 1989).</subfield></datafield><datafield ind1=" " ind2="0" tag="651"><subfield code="a">Frostburg (Md.)</subfield><subfield code="v">Newspapers.</subfield></datafield><datafield ind1=" " ind2="0" tag="651"><subfield code="a">Allegany County (Md.)</subfield><subfield code="v">Newspapers.</subfield></datafield><datafield ind1=" " ind2="7" tag="655"><subfield code="a">Newspapers.</subfield><subfield code="2">fast</subfield><subfield code="0">(OCoLC)fst01423814</subfield></datafield><datafield ind1=" " ind2="7" tag="651"><subfield code="a">Maryland</subfield><subfield code="z">Allegany County.</subfield><subfield code="2">fast</subfield><subfield code="0">(OCoLC)fst01206925</subfield></datafield><datafield ind1=" " ind2="7" tag="651"><subfield code="a">Maryland</subfield><subfield code="z">Frostburg.</subfield><subfield code="2">fast</subfield><subfield code="0">(OCoLC)fst01215885</subfield></datafield><datafield ind1=" " ind2=" " tag="752"><subfield code="a">United States</subfield><subfield code="b">Maryland</subfield><subfield code="c">Allegany</subfield><subfield code="d">Frostburg.</subfield></datafield><datafield ind1="0" ind2="8" tag="770"><subfield code="t">Journal magazine</subfield><subfield code="w">(OCoLC)20511223</subfield></datafield><datafield ind1="0" ind2="0" tag="785"><subfield code="t">Allegany journal (Frostburg, Md.)</subfield><subfield code="x">1059-0978</subfield><subfield code="w">(DLC)sn 90057181</subfield><subfield code="w">(OCoLC)20515613</subfield></datafield></record>